 ISA*00*          *00*          *ZZ*431420764000000*ZZ*3YQ8           *210702*0807*^*00501*788444018*0*P*:~GS*HP*431420764*3YQ8*20210702*0807*1*X*005010X221A1~ST*835*000000001~BPR*I*35.57*C*ACH*CCP*01*101000695*DA*9872007859*1742146065**01*0000000000*DA*0000000000*20210701~TRN*1*PAY-PLUS PAYMENT ID - 159352200*1742146065~REF*EV*263181533~DTM*405*20210701~N1*PR*TML HEALTH*XV*39026~N3*PO BOX 149190~N4*AUSTIN*TX*78714~REF*2U*39026~REF*EO*452579291~PER*BL*TML HEALTH*TE*8002825385*EM*JERRY.GREER@TMLHB.ORG~N1*PE*JEANNINE K HOANG*XX*1578513933~N3*130 REGENCY PKWY~N4*MANSFIELD*TX*76063~REF*TJ*263181533~LX*352200~CLP*CB003ZVP4C017*01*268.50*150.50**12*21161352529~NM1*QC*1*ST PIERRE-COURTNEY*JOLENE*M***MI*CB003ZVP4C017~NM1*IL*1*COURTNEY*GEORGE*C***MI*491930015115~NM1*82*2*HOANG,JEANNINE,K,MD*****XX*1578513933~REF*1L*CW75M~DTM*232*20210607~DTM*050*20210610~AMT*AU*188.12~SVC*HC:99213:25*118.78*60.26~DTM*472*20210607~CAS*CO*45*43.46**96*15.06~REF*6R*1~AMT*B6*60.26~SVC*HC:17110*149.72*90.24~DTM*472*20210607~CAS*CO*45*36.92**96*22.56~REF*6R*2~AMT*B6*90.24~SE*35*000000001~GE*1*1~IEA*1*788444018~