ISA*00*          *00*          *ZZ*431420764000000*ZZ*3YQ8           *210411*0804*^*00501*759747183*0*P*:~GS*HP*431420764*3YQ8*20210411*0804*1*X*005010X221A1~ST*835*000000001~BPR*I*123.64*C*ACH*CCP*01*101000695*DA*9872007859*1742146065**01*0000000000*DA*0000000000*20210411~TRN*1*PAY-PLUS PAYMENT ID - 141257012*1742146065~REF*EV*263181533~DTM*405*20210411~N1*PR*TML HEALTH*XV*39026~N3*PO BOX 149190~N4*AUSTIN*TX*78714~REF*2U*39026~REF*EO*452579291~PER*BL*TML HEALTH*TE*8002825385*EM*JERRY.GREER@TMLHB.ORG~N1*PE*JEANNINE K HOANG*XX*1578513933~N3*130 REGENCY PKWY~N4*MANSFIELD*TX*76063~REF*TJ*263181533~LX*257012~CLP*CB003MA42C017*01*347.98*170.27*45.00*12*21083319772~NM1*QC*1*PERDUE*CASSANDRA****MI*CB003MA42C017~NM1*IL*1*PERDUE*CASSANDRA****MI*472930011751~NM1*82*2*HOANG,JEANNINE,K,MD*****XX*1578513933~REF*1L*CW99M~DTM*232*20210211~DTM*050*20210324~AMT*AU*240.64~SVC*HC:99214:25*168.64*65.28~DTM*472*20210211~CAS*PR*3*45.00~CAS*CO*45*58.36~REF*6R*1~AMT*B6*110.28~SVC*HC:11104*171.34*101.49~DTM*472*20210211~CAS*CO*45*44.48**96*25.37~REF*6R*2~AMT*B6*101.49~SVC*HC:Q0112*8.00*3.50~DTM*472*20210211~CAS*CO*45*4.50~REF*6R*3~AMT*B6*3.50~SE*41*000000001~GE*1*1~IEA*1*759747183~