ISA*00*          *00*          *ZZ*431420764000000*ZZ*3Q7J           *201231*2212*^*00501*726685143*0*P*:~GS*HP*431420764*3Q7J*20201231*2212*1*X*005010X221A1~ST*835*000000001~BPR*I*107.35*C*ACH*CCP*01*031100209*DA*38153758*1391263473**01*043000096*DA*1029006654*20210104~TRN*1*001290054550904*1391263473~REF*EV*030240928~DTM*405*20201230~N1*PR*HUMANA INC.*XV*0499441430000~N3*P.O. BOX 14601~N4*LEXINGTON*KY*405124601~PER*BL~PER*IC**UR*APPS.HUMANA.COM/MARKETING/DOCUMENTS.ASP?FILE=2859948~N1*PE*WARRENTON DERMATOLOGY PC*XX*1396778205~N3*28 BLACKWELL PARK LN STE 302~N4*WARRENTON*VA*201862685~REF*PQ*237410~REF*TJ*541800134~LX*1~TS3*1245480318*11*20201231*1*268.85~CLP*CB001EWC2C017*1*268.85*107.35*45.00*16*820203280815208*11*1~NM1*QC*1*DUTILH*KATHERINE****MI*H74852529~NM1*74*1*DUTILH*KATHERINE****C*H74852529~NM1*82*2*AUDREY L BUNCH PA C*****XX*1245480318~REF*1L*0Y584001~REF*CE*MEDICARE ADVANTAGE PPO~DTM*232*20201120~DTM*233*20201120~DTM*050*20201123~SVC*HC:17262*268.85*107.35**1~DTM*472*20201120~CAS*PR*3*45.00~CAS*CO*45*116.50~REF*0K*RECONSIDERATION~AMT*B6*152.35~SE*33*000000001~GE*1*1~IEA*1*726685143~